<?xml version="1.0" encoding="UTF-8"?>
  <record xmlns="http://www.loc.gov/MARC21/slim" type="Authority">
    <leader>00000nz  a2200000oc 4500</leader>
    <controlfield tag="001">142874698</controlfield>
    <controlfield tag="003">DE-101</controlfield>
    <controlfield tag="005">20210625162436.0</controlfield>
    <controlfield tag="008">101122n||aznnnaabn           | aaa    |c</controlfield>
    <datafield tag="024" ind1="7" ind2=" ">
      <subfield code="a">142874698</subfield>
      <subfield code="0">http://d-nb.info/gnd/142874698</subfield>
      <subfield code="2">gnd</subfield>
    </datafield>
    <datafield tag="035" ind1=" " ind2=" ">
      <subfield code="a">(DE-101)142874698</subfield>
    </datafield>
    <datafield tag="035" ind1=" " ind2=" ">
      <subfield code="a">(DE-588)142874698</subfield>
    </datafield>
    <datafield tag="035" ind1=" " ind2=" ">
      <subfield code="z">(DE-588a)142874698</subfield>
      <subfield code="9">v:zg</subfield>
    </datafield>
    <datafield tag="040" ind1=" " ind2=" ">
      <subfield code="a">DE-Mb112</subfield>
      <subfield code="c">DE-Mb112</subfield>
      <subfield code="9">r:DE-Mb112</subfield>
      <subfield code="b">ger</subfield>
      <subfield code="d">2218</subfield>
    </datafield>
    <datafield tag="042" ind1=" " ind2=" ">
      <subfield code="a">gnd3</subfield>
    </datafield>
    <datafield tag="043" ind1=" " ind2=" ">
      <subfield code="c">XA-DE</subfield>
    </datafield>
    <datafield tag="075" ind1=" " ind2=" ">
      <subfield code="b">p</subfield>
      <subfield code="2">gndgen</subfield>
    </datafield>
    <datafield tag="075" ind1=" " ind2=" ">
      <subfield code="b">pik</subfield>
      <subfield code="2">gndspec</subfield>
    </datafield>
    <datafield tag="079" ind1=" " ind2=" ">
      <subfield code="a">g</subfield>
      <subfield code="q">d</subfield>
      <subfield code="q">a</subfield>
    </datafield>
    <datafield tag="100" ind1="0" ind2=" ">
      <subfield code="a">Agnes Magdalena</subfield>
      <subfield code="c">Hessen-Kassel, Landgräfin</subfield>
      <subfield code="d">1590-1626</subfield>
    </datafield>
    <datafield tag="375" ind1=" " ind2=" ">
      <subfield code="a">2</subfield>
      <subfield code="2">iso5218</subfield>
    </datafield>
    <datafield tag="400" ind1="1" ind2=" ">
      <subfield code="a">Hessen-Kassel, Agnes Magdalena &#152;von&#156;</subfield>
      <subfield code="d">1590-1626</subfield>
    </datafield>
    <datafield tag="400" ind1="0" ind2=" ">
      <subfield code="a">Agnes Magdalena</subfield>
      <subfield code="c">Anhalt-Dessau, Prinzessin</subfield>
      <subfield code="d">1590-1626</subfield>
      <subfield code="4">nafr</subfield>
      <subfield code="4">https://d-nb.info/standards/elementset/gnd#EarlierNameOfThePerson</subfield>
      <subfield code="w">r</subfield>
      <subfield code="i">Frueherer Name</subfield>
      <subfield code="e">Frueherer Name</subfield>
    </datafield>
    <datafield tag="400" ind1="1" ind2=" ">
      <subfield code="a">Anhalt-Dessau, Agnes Magdalena &#152;von&#156;</subfield>
      <subfield code="d">1590-1626</subfield>
    </datafield>
    <datafield tag="400" ind1="0" ind2=" ">
      <subfield code="a">Agnes Magdalena</subfield>
      <subfield code="c">Anhalt, Fürstin von</subfield>
      <subfield code="d">1590-1626</subfield>
    </datafield>
    <datafield tag="400" ind1="1" ind2=" ">
      <subfield code="a">Anhalt, Agnes Magdalena &#152;zu&#156;</subfield>
      <subfield code="d">1590-1626</subfield>
    </datafield>
    <datafield tag="400" ind1="0" ind2=" ">
      <subfield code="a">Agnes Magdalena</subfield>
      <subfield code="c">Hessen, Landgräfin von</subfield>
      <subfield code="d">1590-1626</subfield>
    </datafield>
    <datafield tag="400" ind1="1" ind2=" ">
      <subfield code="a">Hessen, Agnes Magdalena &#152;zu&#156;</subfield>
      <subfield code="d">1590-1626</subfield>
    </datafield>
    <datafield tag="400" ind1="1" ind2=" ">
      <subfield code="a">Hessen-Kassel, Agnes Magdalena</subfield>
      <subfield code="c">Landgräfin von</subfield>
      <subfield code="d">1590-1626</subfield>
    </datafield>
    <datafield tag="400" ind1="0" ind2=" ">
      <subfield code="a">Agnes Magdalena</subfield>
      <subfield code="c">Anhalt, Fürstin</subfield>
      <subfield code="d">1590-1626</subfield>
      <subfield code="4">nafr</subfield>
      <subfield code="4">https://d-nb.info/standards/elementset/gnd#EarlierNameOfThePerson</subfield>
      <subfield code="w">r</subfield>
      <subfield code="i">Frueherer Name</subfield>
      <subfield code="e">Frueherer Name</subfield>
      <subfield code="9">v:Geburtsname</subfield>
    </datafield>
    <datafield tag="400" ind1="1" ind2=" ">
      <subfield code="a">Anhalt, Agnes Magdalena</subfield>
      <subfield code="c">Fürstin von</subfield>
      <subfield code="d">1590-1626</subfield>
    </datafield>
    <datafield tag="500" ind1="0" ind2=" ">
      <subfield code="0">(DE-101)104194618</subfield>
      <subfield code="0">(DE-588)104194618</subfield>
      <subfield code="0">https://d-nb.info/gnd/104194618</subfield>
      <subfield code="a">Otto</subfield>
      <subfield code="c">Hessen-Kassel, Landgraf</subfield>
      <subfield code="d">1594-1617</subfield>
      <subfield code="4">bezf</subfield>
      <subfield code="4">https://d-nb.info/standards/elementset/gnd#familialRelationship</subfield>
      <subfield code="w">r</subfield>
      <subfield code="i">Beziehung familiaer</subfield>
      <subfield code="e">Beziehung familiaer</subfield>
      <subfield code="9">v:Ehemann</subfield>
    </datafield>
    <datafield tag="548" ind1=" " ind2=" ">
      <subfield code="a">1590-1626</subfield>
      <subfield code="4">datl</subfield>
      <subfield code="4">https://d-nb.info/standards/elementset/gnd#dateOfBirthAndDeath</subfield>
      <subfield code="w">r</subfield>
      <subfield code="i">Lebensdaten</subfield>
    </datafield>
    <datafield tag="548" ind1=" " ind2=" ">
      <subfield code="a">29.03.1590-24.10.1626</subfield>
      <subfield code="4">datx</subfield>
      <subfield code="4">https://d-nb.info/standards/elementset/gnd#dateOfBirthAndDeath</subfield>
      <subfield code="w">r</subfield>
      <subfield code="i">Exakte Lebensdaten</subfield>
    </datafield>
    <datafield tag="550" ind1=" " ind2=" ">
      <subfield code="0">(DE-101)94276823X</subfield>
      <subfield code="0">(DE-588)4356297-8</subfield>
      <subfield code="0">https://d-nb.info/gnd/4356297-8</subfield>
      <subfield code="a">Fürstin</subfield>
      <subfield code="4">adel</subfield>
      <subfield code="4">https://d-nb.info/standards/elementset/gnd#titleOfNobility</subfield>
      <subfield code="w">r</subfield>
      <subfield code="i">Adelstitel</subfield>
    </datafield>
    <datafield tag="550" ind1=" " ind2=" ">
      <subfield code="0">(DE-101)1147497265</subfield>
      <subfield code="0">(DE-588)1147497265</subfield>
      <subfield code="0">https://d-nb.info/gnd/1147497265</subfield>
      <subfield code="a">Landgräfin</subfield>
      <subfield code="4">adel</subfield>
      <subfield code="4">https://d-nb.info/standards/elementset/gnd#titleOfNobility</subfield>
      <subfield code="w">r</subfield>
      <subfield code="i">Adelstitel</subfield>
    </datafield>
    <datafield tag="550" ind1=" " ind2=" ">
      <subfield code="0">(DE-101)040004643</subfield>
      <subfield code="0">(DE-588)4000464-8</subfield>
      <subfield code="0">https://d-nb.info/gnd/4000464-8</subfield>
      <subfield code="a">Adel</subfield>
      <subfield code="4">obin</subfield>
      <subfield code="4">https://d-nb.info/standards/elementset/gnd#broaderTermInstantial</subfield>
      <subfield code="w">r</subfield>
      <subfield code="i">Oberbegriff instantiell</subfield>
    </datafield>
    <datafield tag="551" ind1=" " ind2=" ">
      <subfield code="0">(DE-101)040115364</subfield>
      <subfield code="0">(DE-588)4011536-7</subfield>
      <subfield code="0">https://d-nb.info/gnd/4011536-7</subfield>
      <subfield code="a">Dessau</subfield>
      <subfield code="4">ortg</subfield>
      <subfield code="4">https://d-nb.info/standards/elementset/gnd#placeOfBirth</subfield>
      <subfield code="w">r</subfield>
      <subfield code="i">Geburtsort</subfield>
    </datafield>
    <datafield tag="551" ind1=" " ind2=" ">
      <subfield code="0">(DE-101)040155250</subfield>
      <subfield code="0">(DE-588)4015525-0</subfield>
      <subfield code="0">https://d-nb.info/gnd/4015525-0</subfield>
      <subfield code="a">Eschwege</subfield>
      <subfield code="4">orts</subfield>
      <subfield code="4">https://d-nb.info/standards/elementset/gnd#placeOfDeath</subfield>
      <subfield code="w">r</subfield>
      <subfield code="i">Sterbeort</subfield>
    </datafield>
    <datafield tag="551" ind1=" " ind2=" ">
      <subfield code="0">(DE-101)040298698</subfield>
      <subfield code="0">(DE-588)4029869-3</subfield>
      <subfield code="0">https://d-nb.info/gnd/4029869-3</subfield>
      <subfield code="a">Kassel</subfield>
      <subfield code="4">ortw</subfield>
      <subfield code="4">https://d-nb.info/standards/elementset/gnd#placeOfActivity</subfield>
      <subfield code="w">r</subfield>
      <subfield code="i">Wirkungsort</subfield>
    </datafield>
    <datafield tag="670" ind1=" " ind2=" ">
      <subfield code="a">Schwennicke, N.F., I, 74, 98</subfield>
    </datafield>
    <datafield tag="670" ind1=" " ind2=" ">
      <subfield code="a">Katalog der ... Stolberg'schen Leichenpredigten-Sammlung. Bd. 1. - 1927</subfield>
    </datafield>
    <datafield tag="678" ind1=" " ind2=" ">
      <subfield code="b">Tochter von Fürst Johann Georg I. von Anhalt-Dessau; Heirat mit Landgraf Otto von Hessen-Kassel am 14.06.1617</subfield>
    </datafield>
    <datafield tag="913" ind1=" " ind2=" ">
      <subfield code="S">pnd</subfield>
      <subfield code="i">5</subfield>
      <subfield code="a">Agnes Magdalena &lt;Hessen-Kassel, Landgräfin&gt;</subfield>
      <subfield code="0">(DE-588a)142874698</subfield>
    </datafield>
  </record>
